@article{blei2003lda,
  title={Latent dirichlet allocation},
  author={Blei, David M and Ng, Andrew Y and Jordan, Michael I},
  journal={the Journal of machine Learning research},
  volume={3},
  pages={993--1022},
  year={2003},
  publisher={JMLR. org}
}

@article{cemgil2009nmf,
  title={Bayesian inference for nonnegative matrix factorisation models},
  author={Cemgil, Ali Taylan},
  journal={Computational Intelligence and Neuroscience},
  volume={2009},
  year={2009},
  publisher={Hindawi Publishing Corporation}
}

@article{griffiths2004collapsed,
  title={Finding scientific topics},
  author={Griffiths, Thomas L and Steyvers, Mark},
  journal={Proceedings of the National Academy of Sciences},
  volume={101},
  number={suppl 1},
  pages={5228--5235},
  year={2004},
  publisher={National Acad Sciences}
}

@article{newman2009distributed,
  title={Distributed algorithms for topic models},
  author={Newman, David and Asuncion, Arthur and Smyth, Padhraic and Welling, Max},
  journal={The Journal of Machine Learning Research},
  volume={10},
  pages={1801--1828},
  year={2009},
  publisher={JMLR. org}
}

@inproceedings{smyth2009asynchronous,
  title={Asynchronous distributed learning of topic models},
  author={Smyth, Padhraic and Welling, Max and Asuncion, Arthur U},
  booktitle={Advances in Neural Information Processing Systems},
  pages={81--88},
  year={2009}
}
@article{dean2008mapreduce,
  title={MapReduce: simplified data processing on large clusters},
  author={Dean, Jeffrey and Ghemawat, Sanjay},
  journal={Communications of the ACM},
  volume={51},
  number={1},
  pages={107--113},
  year={2008},
  publisher={ACM}
}