
@inproceedings{roller_multimodal_2013,
	title = {A multimodal {LDA} model integrating textual, cognitive and visual modalities},
	url = {http://anthology.aclweb.org/D/D13/D13-1115.pdf},
	urldate = {2016-03-23},
	booktitle = {Proceedings of the 2013 {Conference} on {Empirical} {Methods} in {Natural} {Language} {Processing}},
	author = {Roller, Stephen and Im Walde, Sabine Schulte},
	year = {2013},
	pages = {1146--1157},
	file = {[PDF] from aclweb.org:/Users/caner/Library/Application Support/Zotero/Profiles/oxdbv4bh.default/zotero/storage/5EBU5KTV/Roller and Im Walde - 2013 - A multimodal LDA model integrating textual, cognit.pdf:application/pdf}
}

@article{troelsga_ard_topic_2014,
	title = {A {Topic} {Model} {Approach} to {Multi}-{Modal} {Similarity}},
	url = {http://arxiv.org/abs/1405.6886},
	urldate = {2016-03-23},
	journal = {arXiv preprint arXiv:1405.6886},
	author = {Troelsgaard, Rasmus and Jensen, Bj√∏rn Sand and Hansen, Lars Kai},
	year = {2014},
	file = {[PDF] from arxiv.org:/Users/caner/Library/Application Support/Zotero/Profiles/oxdbv4bh.default/zotero/storage/MANW7KZX/Troelsga ard et al. - 2014 - A Topic Model Approach to Multi-Modal Similarity.pdf:application/pdf;Snapshot:/Users/caner/Library/Application Support/Zotero/Profiles/oxdbv4bh.default/zotero/storage/U9I4FHMQ/1405.html:text/html}
}

@article{blei_latent_2003,
	title = {Latent dirichlet allocation},
	volume = {3},
	abstract = {We describe latent Dirichlet allocation (LDA), a generative probabilistic model for collections of discrete data such as text corpora. LDA is a three-level hierarchical Bayesian model, in which each item of a collection is modeled as a finite mixture over an underlying set of topics. Each topic is, in turn, modeled as an infinite mixture over an underlying set of topic probabilities. In the context of text modeling, the topic probabilities provide an explicit representation of a document. We present efficient approximate inference techniques based on variational methods and an EM algorithm for empirical Bayes parameter estimation. We report results in document modeling, text classification, and collaborative filtering, comparing to a mixture of unigrams model and the probabilistic LSI model. 1.},
	journal = {Journal of Machine Learning Research},
	author = {Blei, David M. and Ng, Andrew Y. and Jordan, Michael I. and Lafferty, John},
	year = {2003},
	pages = {2003},
	file = {Citeseer - Full Text PDF:/Users/caner/Library/Application Support/Zotero/Profiles/oxdbv4bh.default/zotero/storage/RZGUAXZI/Blei et al. - 2003 - Latent dirichlet allocation.pdf:application/pdf;Citeseer - Snapshot:/Users/caner/Library/Application Support/Zotero/Profiles/oxdbv4bh.default/zotero/storage/Z68U87I8/summary.html:text/html}
}

@inproceedings{putthividhy_topic_2010,
	title = {Topic regression multi-modal latent dirichlet allocation for image annotation},
	url = {http://ieeexplore.ieee.org/xpls/abs_all.jsp?arnumber=5540000},
	urldate = {2016-03-23},
	booktitle = {Computer {Vision} and {Pattern} {Recognition} ({CVPR}), 2010 {IEEE} {Conference} on},
	publisher = {IEEE},
	author = {Putthividhy, Duangmanee and Attias, Hagai T. and Nagarajan, Srikantan S.},
	year = {2010},
	pages = {3408--3415},
	file = {[PDF] from goldenmetallic.com:/Users/caner/Library/Application Support/Zotero/Profiles/oxdbv4bh.default/zotero/storage/IBQJ2GAQ/Putthividhy et al. - 2010 - Topic regression multi-modal latent dirichlet allo.pdf:application/pdf}
}